

@Manual{citeR,
    title = {R: A Language and Environment for Statistical Computing},
    author = {{R Core Team}},
    organization = {R Foundation for Statistical Computing},
    address = {Vienna, Austria},
    year = {2023},
    url = {https://www.R-project.org/},
  }
  
  
@Article{tidyverse,
    title = {Welcome to the {tidyverse}},
    author = {Hadley Wickham and Mara Averick and Jennifer Bryan and Winston Chang and Lucy D'Agostino McGowan and Romain François and Garrett Grolemund and Alex Hayes and Lionel Henry and Jim Hester and Max Kuhn and Thomas Lin Pedersen and Evan Miller and Stephan Milton Bache and Kirill Müller and Jeroen Ooms and David Robinson and Dana Paige Seidel and Vitalie Spinu and Kohske Takahashi and Davis Vaughan and Claus Wilke and Kara Woo and Hiroaki Yutani},
    year = {2019},
    journal = {Journal of Open Source Software},
    volume = {4},
    number = {43},
    pages = {1686},
    doi = {10.21105/joss.01686},
  }
  
@Book{boot,
    title = {Bootstrap Methods and Their Applications},
    author = {A. C. Davison and D. V. Hinkley},
    publisher = {Cambridge University Press},
    address = {Cambridge},
    year = {1997},
    note = {ISBN 0-521-57391-2},
    url = {http://statwww.epfl.ch/davison/BMA/},
  }
  
 @Manual{broommixed,
    title = {broom.mixed: Tidying Methods for Mixed Models},
    author = {Ben Bolker and David Robinson},
    year = {2022},
    note = {R package version 0.2.9.4},
    url = {https://github.com/bbolker/broom.mixed},
  }
  
 @Manual{rcollapse,
    title = {collapse: Advanced and Fast Data Transformation in R},
    author = {Sebastian Krantz},
    year = {2024},
    note = {R package version 2.0.10},
    doi = {10.5281/zenodo.8433090},
    url = {https://sebkrantz.github.io/collapse/},
  }
  @Manual{tidybayes,
    title = {{tidybayes}: Tidy Data and Geoms for {Bayesian} Models},
    author = {Matthew Kay},
    year = {2023},
    note = {R package version 3.0.6},
    url = {http://mjskay.github.io/tidybayes/},
    doi = {10.5281/zenodo.1308151},
  }
  @Misc{rstanarm,
    title = {Joint longitudinal and time-to-event models via {Stan}.},
    author = {SL Brilleman and MJ Crowther and M Moreno-Betancur and J {Buros Novik} and R Wolfe},
    note = {StanCon 2018. 10-12 Jan 2018. Pacific Grove, CA, USA.},
    url = {https://github.com/stan-dev/stancon_talks/},
    year = {2018},
  }
  @Article{modelsummary,
    title = {{modelsummary}: Data and Model Summaries in {R}},
    author = {Vincent Arel-Bundock},
    journal = {Journal of Statistical Software},
    year = {2022},
    volume = {103},
    number = {1},
    pages = {1--23},
    doi = {10.18637/jss.v103.i01},
  }
@Manual{marginaleffects,
    title = {marginaleffects: Predictions, Comparisons, Slopes, Marginal Means, and Hypothesis
Tests},
    author = {Vincent Arel-Bundock},
    year = {2024},
    note = {R package version 0.18.0},
    url = {https://marginaleffects.com/},
  }  
  
  @Manual{janitor,
    title = {janitor: Simple Tools for Examining and Cleaning Dirty Data},
    author = {Sam Firke},
    year = {2023},
    note = {R package version 2.2.0, 
https://sfirke.github.io/janitor/},
    url = {https://github.com/sfirke/janitor},
  }
    @Manual{gutenbergr,
    title = {gutenbergr: Download and Process Public Domain Works from Project Gutenberg},
    author = {Myfanwy Johnston and David Robinson},
    year = {2023},
    note = {R package version 0.2.4, 
https://github.com/ropensci/gutenbergr},
    url = {https://docs.ropensci.org/gutenbergr/},
  }
   @Manual{dataverse,
    title = {dataverse: R Client for Dataverse 4+ Repositories},
    author = {Shiro Kuriwaki and Will Beasley and Thomas J. Leeper},
    year = {2023},
    note = {R package version 0.3.13},
  }
   @InCollection{knitr,
    booktitle = {Implementing Reproducible Computational Research},
    editor = {Victoria Stodden and Friedrich Leisch and Roger D. Peng},
    title = {knitr: A Comprehensive Tool for Reproducible Research in {R}},
    author = {Yihui Xie},
    publisher = {Chapman and Hall/CRC},
    year = {2014},
    note = {ISBN 978-1466561595},
  }
@online{rutgers_gender_gap,
  title = {Gender Gap: Voting Choices in Presidential Elections},
  author = {{Center for American Women and Politics (CAWP)}},
  year = {2024},
  url = {https://cawp.rutgers.edu/gender-gap-voting-choices-presidential-elections},
  organization = {Rutgers University},
  urldate = {2024-03-04}
}

@online{pew_research_educational_divide,
  title = {Educational Divide in Vote Preferences on Track to Be Wider than in Recent Elections},
  author = {{Pew Research Center}},
  year = {2016},
  month = {September 15},
  url = {https://www.pewresearch.org/short-reads/2016/09/15/educational-divide-in-vote-preferences-on-track-to-be-wider-than-in-recent-elections/},
  organization = {Pew Research Center},
  urldate = {2024-03-04}
  }
  